<?xml version="1.0" encoding="UTF-8"?><collection xmlns="http://www.loc.gov/MARC21/slim"><record><leader>00361nam--2200121-i-4500</leader><controlfield tag="001">000007372</controlfield><controlfield tag="002">20161230</controlfield><controlfield tag="005">20161230201027</controlfield><controlfield tag="008">060222s1000------------r-----000-0-eng-d</controlfield><datafield ind1=" " ind2=" " tag="100"><subfield code="a">Antropov L.I</subfield></datafield><datafield ind1=" " ind2=" " tag="245"><subfield code="a">Kinetics of electtrode processes and null points of metals</subfield></datafield><datafield ind1=" " ind2=" " tag="260"><subfield code="a">New Delhi, Council Of Scientific &amp; Industrial Research, 1960 X + 94 P</subfield></datafield><datafield ind1=" " ind2=" " tag="852"><subfield code="a">22369</subfield></datafield></record></collection>